 @article{ashton_2009, 
    title={That ‘Internet of Things’ Thing}, url={https://www.rfidjournal.com/that-internet-of-things-thing}, 
    journal={RFID Journal}, 
    author={Ashton, Kevin}, 
    year={2009}, 
    month={6},
    annote = {Prima mentionare a termenului IoT in cadrul unei conferinte.
        Face o analogie intre IoT si "ochii si urechile" unui computer.
    }
} 